<record><leader>00000cas a22000007a 4500</leader><controlfield tag="001">15498603</controlfield><controlfield tag="008">870407c19319999wiucr ne      0   a0eng d</controlfield><datafield ind1=" " ind2=" " tag="010"><subfield code="a">sn 87082425 </subfield></datafield><datafield ind1=" " ind2=" " tag="040"><subfield code="a">NPV</subfield><subfield code="b">eng</subfield><subfield code="c">NPV</subfield><subfield code="d">NSD</subfield><subfield code="d">OCLCQ</subfield></datafield><datafield ind1=" " ind2=" " tag="012"><subfield code="m">1</subfield></datafield><datafield ind1="1" ind2=" " tag="022"><subfield code="a">1084-7863</subfield><subfield code="l">1084-7863</subfield><subfield code="2">1</subfield></datafield><datafield ind1=" " ind2=" " tag="032"><subfield code="a">687980</subfield><subfield code="b">USPS</subfield></datafield><datafield ind1=" " ind2=" " tag="042"><subfield code="a">msc</subfield><subfield code="a">nsdp</subfield></datafield><datafield ind1=" " ind2="0" tag="222"><subfield code="a">Wisconsin Dells events</subfield></datafield><datafield ind1="0" ind2="0" tag="245"><subfield code="a">Wisconsin Dells events.</subfield></datafield><datafield ind1=" " ind2=" " tag="260"><subfield code="a">Kilbourn [i.e. Wisconsin Dells], Wis. :</subfield><subfield code="b">W.A. Drumb,</subfield><subfield code="c">1931-</subfield></datafield><datafield ind1=" " ind2=" " tag="300"><subfield code="a">v.</subfield></datafield><datafield ind1=" " ind2=" " tag="310"><subfield code="a">Semiweekly,</subfield><subfield code="b">&lt;Aug. 23, 1995-&gt;</subfield></datafield><datafield ind1=" " ind2=" " tag="321"><subfield code="a">Weekly,</subfield><subfield code="b">1931-19</subfield></datafield><datafield ind1="0" ind2=" " tag="362"><subfield code="a">Vol. 36, no. 37 (Apr. 9, 1931)-</subfield></datafield><datafield ind1=" " ind2=" " tag="500"><subfield code="a">Publisher: South Central Wisconsin Newspapers, &lt;Apr. 23, 1995-&gt;</subfield></datafield><datafield ind1=" " ind2=" " tag="500"><subfield code="a">"Serving the Wisconsin Dells - Lake Delton area."</subfield></datafield><datafield ind1=" " ind2=" " tag="588"><subfield code="a">Latest issue consulted: Vol. 98, no. 34 (Apr. 23, 1995).</subfield></datafield><datafield ind1=" " ind2=" " tag="752"><subfield code="a">United States</subfield><subfield code="b">Wisconsin</subfield><subfield code="c">Sauk</subfield><subfield code="d">Kilbourn.</subfield></datafield><datafield ind1=" " ind2=" " tag="752"><subfield code="a">United States</subfield><subfield code="b">Wisconsin</subfield><subfield code="c">Sauk</subfield><subfield code="d">Wisconsin Dells.</subfield></datafield><datafield ind1=" " ind2=" " tag="752"><subfield code="a">United States</subfield><subfield code="b">Wisconsin</subfield><subfield code="c">Sauk</subfield><subfield code="d">Lake Delton.</subfield></datafield><datafield ind1=" " ind2=" " tag="752"><subfield code="a">United States</subfield><subfield code="b">Wisconsin</subfield><subfield code="c">Juneau</subfield><subfield code="d">Wisconsin Dells.</subfield></datafield><datafield ind1=" " ind2=" " tag="752"><subfield code="a">United States</subfield><subfield code="b">Wisconsin</subfield><subfield code="c">Columbia</subfield><subfield code="d">Wisconsin Dells.</subfield></datafield><datafield ind1="0" ind2="0" tag="780"><subfield code="t">Kilbourn weekly events</subfield><subfield code="w">(DLC)sn 87082424</subfield></datafield></record>